christopher@Triton.8361:1574172248