@article{imai2011,
  title={Unpacking the black box of causality: Learning about causal mechanisms from experimental and observational studies},
  author={Imai, Kosuke and Keele, Luke and Tingley, Dustin and Yamamoto, Teppei},
  journal={American Political Science Review},
  pages={765--789},
  year={2011},
  publisher={JSTOR}
}

@article{bolsen2014influence,
  title={The influence of partisan motivated reasoning on public opinion},
  author={Bolsen, Toby and Druckman, James N and Cook, Fay Lomax},
  journal={Political Behavior},
  volume={36},
  number={2},
  pages={235--262},
  year={2014},
  publisher={Springer}
}

@article{druckman2019evidence,
  title={The evidence for motivated reasoning in climate change preference formation},
  author={Druckman, James N and McGrath, Mary C},
  journal={Nature Climate Change},
  volume={9},
  number={2},
  pages={111--119},
  year={2019},
  publisher={Nature Publishing Group}
}

@article{kahan2012ideology,
  title={Ideology, motivated reasoning, and cognitive reflection: An experimental study},
  author={Kahan, Dan M},
  journal={Judgment and Decision making},
  volume={8},
  pages={407--24},
  year={2012}
}

@article{enders2019informational,
  title={Informational Cues, Partisan-Motivated Reasoning, and the Manipulation of Conspiracy Beliefs},
  author={Enders, Adam M and Smallpage, Steven M},
  journal={Political Communication},
  volume={36},
  number={1},
  pages={83--102},
  year={2019},
  publisher={Taylor \& Francis}
}

@article{leeper2014political,
  title={Political parties, motivated reasoning, and public opinion formation},
  author={Leeper, Thomas J and Slothuus, Rune},
  journal={Political Psychology},
  volume={35},
  pages={129--156},
  year={2014},
  publisher={Wiley Online Library}
}

@online{rubio_testimony,
    title = {At Intelligence Committee Hearing, Rubio Raises Threat Chinese Telecommunications Firms Pose to U.S. National Security },
    organization={YouTube},
    author={Marco Rubio},
    year={2018},
    url={\url{https://www.youtube.com/watch?v=DTFNAH7NTWQ}}
}

@article{galston2020,
  title={Is Seeing Still Believing? The Deepfake Challenge to Truth in Politics},
  author={Galston, William A},
  journal={Brookings. January},
  volume={8},
  year={2020}
}


@online{forbes20,
    title = {Deepfakes Are Going To Wreak Havoc On Society. We Are Not Prepared.},
    organization={Forbes},
    author={Rob Toews},
    year={2020},
    url={\url{https://www.forbes.com/sites/robtoews/2020/05/25/deepfakes-are-going-to-wreak-havoc-on-society-we-are-not-prepared}}
}

@article{guess2020,
  title={Exposure to untrustworthy websites in the 2016 US election},
  author={Guess, Andrew M and Nyhan, Brendan and Reifler, Jason},
  journal={Nature human behaviour},
  volume={4},
  number={5},
  pages={472--480},
  year={2020},
  publisher={Nature Publishing Group}
}

@article{silverman2016,
  title={This analysis shows how viral fake election news stories outperformed real news on Facebook},
  author={Silverman, Craig},
  journal={BuzzFeed news},
  volume={16},
  year={2016}
}

@article{mchoskey1995case,
  title={Case closed? On the John F. Kennedy assassination: Biased assimilation of evidence and attitude polarization},
  author={McHoskey, John W},
  journal={Basic and Applied Social Psychology},
  volume={17},
  number={3},
  pages={395--409},
  year={1995},
  publisher={Taylor \& Francis}
}
@book{newman2019reuters,
  title={Reuters institute digital news report 2019},
  author={Newman, Nic and Fletcher, Richard and Kalogeropoulos, Antonis and Nielsen, Rasmus},
  volume={2019},
  year={2019},
  publisher={Reuters Institute for the Study of Journalism}
}
@article{silverman2018spot,
  title={How to spot a deepfake like the Barack Obama--Jordan Peele video},
  author={Silverman, Craig},
  journal={BuzzFeed},
  url={\url{https://www. buzzfeed. com/craigsilverman/obama-jordan-peele-deepfake-video-debunk-buzzfeed}}
  year={2018}
}
@article{hanitzsch2018caught,
  title={Caught in the nexus: A comparative and longitudinal analysis of public trust in the press},
  author={Hanitzsch, Thomas and Van Dalen, Arjen and Steindl, Nina},
  journal={The International Journal of Press/Politics},
  volume={23},
  number={1},
  pages={3--23},
  year={2018},
  publisher={Sage Publications Sage CA: Los Angeles, CA}
}
@book{ladd2012americans,
  title={Why Americans hate the news media and how it matters},
  author={Ladd, Jonathan M},
  year={2012},
  publisher={Princeton University Press}
}
@incollection{schiffrin2019credibility,
  title={Credibility and Trust in Journalism},
  author={Schiffrin, Anya},
  booktitle={Oxford Research Encyclopedia of Communication},
  year={2019}
}
@article{van2019priming,
  title={Priming and fake news: The effects of elite discourse on evaluations of news media},
  author={Van Duyn, Emily and Collier, Jessica},
  journal={Mass Communication and Society},
  volume={22},
  number={1},
  pages={29--48},
  year={2019},
  publisher={Taylor \& Francis}
}
@article{moorman1993factors,
  title={Factors affecting trust in market research relationships},
  author={Moorman, Christine and Deshpande, Rohit and Zaltman, Gerald},
  journal={Journal of marketing},
  volume={57},
  number={1},
  pages={81--101},
  year={1993},
  publisher={SAGE Publications Sage CA: Los Angeles, CA}
}
@article{angriawan2008parsimonious,
  title={A parsimonious model of the antecedents and consequence of online trust: An uncertainty perspective},
  author={Angriawan, Arifin and Thakur, Ramendra},
  journal={Journal of Internet Commerce},
  volume={7},
  number={1},
  pages={74--94},
  year={2008},
  publisher={Taylor \& Francis}
}
@article{molm2009fragile,
  title={Fragile and resilient trust: Risk and uncertainty in negotiated and reciprocal exchange},
  author={Molm, Linda D and Schaefer, David R and Collett, Jessica L},
  journal={Sociological Theory},
  volume={27},
  number={1},
  pages={1--32},
  year={2009},
  publisher={SAGE Publications Sage CA: Los Angeles, CA}
}
@article{adobor2006optimal,
  title={Optimal trust? Uncertainty as a determinant and limit to trust in inter-firm alliances},
  author={Adobor, Henry},
  journal={Leadership \& Organization Development Journal},
  year={2006},
  publisher={Emerald Group Publishing Limited}
}
@article{downs1957economic,
  title={An economic theory of democracy},
  author={Downs, Anthony and others},
  year={1957},
  publisher={New York}
}
@article{vaccari2020deepfakes,
  title={Deepfakes and disinformation: Exploring the impact of synthetic political video on deception, uncertainty, and trust in news},
  author={Vaccari, Cristian and Chadwick, Andrew},
  journal={Social Media+ Society},
  volume={6},
  number={1},
  pages={2056305120903408},
  year={2020},
  publisher={SAGE Publications Sage UK: London, England}
}
@article{caprara2006personality,
  title={Personality and politics: Values, traits, and political choice},
  author={Caprara, Gian Vittorio and Schwartz, Shalom and Capanna, Cristina and Vecchione, Michele and Barbaranelli, Claudio},
  journal={Political psychology},
  volume={27},
  number={1},
  pages={1--28},
  year={2006},
  publisher={Wiley Online Library}
}

@article{fridkin2009bad,
  title={Bad for men, better for women: The impact of stereotypes during negative campaigns},
  author={Fridkin, Kim L and Kenney, Patrick J and Woodall, Gina Serignese},
  journal={Political Behavior},
  volume={31},
  number={1},
  pages={53},
  year={2009},
  publisher={Springer}
}

@article{pierce1993political,
  title={Political sophistication and the use of candidate traits in candidate evaluation},
  author={Pierce, Patrick A},
  journal={Political psychology},
  pages={21--35},
  year={1993},
  publisher={JSTOR}
}

@article{hollyer2019transparency,
  title={Transparency, protest and democratic stability},
  author={Hollyer, James R and Rosendorff, B Peter and Vreeland, James Raymond},
  journal={British Journal of Political Science},
  volume={49},
  number={4},
  pages={1251--1277},
  year={2019},
  publisher={Cambridge University Press}
}

@article{abramowitz2016rise,
  title={The rise of negative partisanship and the nationalization of US elections in the 21st century},
  author={Abramowitz, Alan I and Webster, Steven},
  journal={Electoral Studies},
  volume={41},
  pages={12--22},
  year={2016},
  publisher={Elsevier}
}

@article{lau2007effects,
  title={The effects of negative political campaigns: a meta-analytic reassessment},
  author={Lau, Richard R and Sigelman, Lee and Rovner, Ivy Brown},
  journal={Journal of Politics},
  volume={69},
  number={4},
  pages={1176--1209},
  year={2007},
  publisher={Wiley Online Library}
}

@book{mccarty2016polarized,
  title={Polarized America: The dance of ideology and unequal riches},
  author={McCarty, Nolan and Poole, Keith T and Rosenthal, Howard},
  year={2016},
  publisher={mit Press}
}

@book{tesler2010obama,
  title={Obama's race: The 2008 election and the dream of a post-racial America},
  author={Tesler, Michael and Sears, David O},
  year={2010},
  publisher={University of Chicago Press}
}

@inproceedings{xu2014deep,
  title={Deep convolutional neural network for image deconvolution},
  author={Xu, Li and Ren, Jimmy SJ and Liu, Ce and Jia, Jiaya},
  booktitle={Advances in neural information processing systems},
  pages={1790--1798},
  year={2014}
}

@inproceedings{goodfellow2014generative,
  title={Generative adversarial nets},
  author={Goodfellow, Ian and Pouget-Abadie, Jean and Mirza, Mehdi and Xu, Bing and Warde-Farley, David and Ozair, Sherjil and Courville, Aaron and Bengio, Yoshua},
  booktitle={Advances in neural information processing systems},
  pages={2672--2680},
  year={2014}
}

@article{esralew2012influence,
  title={The influence of parodies on mental models: Exploring the Tina Fey--Sarah Palin phenomenon},
  author={Esralew, Sarah and Young, Dannagal Goldthwaite},
  journal={Communication Quarterly},
  volume={60},
  number={3},
  pages={338--352},
  year={2012},
  publisher={Taylor \& Francis}
}
@article{kleinberg2019importance,
  title={The Importance of Political Knowledge for Effective Citizenship: Differences Between the Broadcast and Internet Generations},
  author={Kleinberg, Mona S and Lau, Richard R},
  journal={Public Opinion Quarterly},
  volume={83},
  number={2},
  pages={338--362},
  year={2019},
  publisher={Oxford University Press US}
}
@article{boukes2015odds,
  title={At odds: Laughing and thinking? The appreciation, processing, and persuasiveness of political satire},
  author={Boukes, Mark and Boomgaarden, Hajo G and Moorman, Marjolein and De Vreese, Claes H},
  journal={Journal of Communication},
  volume={65},
  number={5},
  pages={721--744},
  year={2015},
  publisher={Oxford University Press}
}

@incollection{baymbeyond,
  title={Beyond Infotainment},
  author={Baym, Geoffrey and Holbert, R Lance},
  booktitle={The Oxford Handbook of Electoral Persuasion}
}

@article{pew2016election,
  author = {Mitchell, Amy and Shearer, Elisa and Gottfried, Jeffrey and Barthel, Michael},
  title = {{Where Americans Are Getting News About the 2016 Presidential Election}},
  url ={\url{http://www.journalism.org/2016/02/04/the-2016-presidential-campaign-a-news-event-thats-hard-to-miss/}},
  month = {Feburary},
  journal = {Pew Research Center},
  year = {2016}
}

@article{alexander1993gender,
  title={Gender as a Factor in the Attribution of Leadership Traits},
  author={Alexander, Deborah and Andersen, Kristi},
  journal={Political Research Quarterly},
  volume={46},
  number={3},
  pages={527--545},
  year={1993},
  publisher={Sage Publications Sage CA: Thousand Oaks, CA}
}

@article{valentino2002cues,
  title={Cues that matter: How political ads prime racial attitudes during campaigns},
  author={Valentino, Nicholas A and Hutchings, Vincent L and White, Ismail K},
  journal={American Political Science Review},
  volume={96},
  number={1},
  pages={75--90},
  year={2002},
  publisher={Cambridge University Press}
}

@book{jamieson1995beyond,
  title={Beyond the double bind: Women and leadership},
  author={Jamieson, Kathleen Hall and Hall, Kathleen and others},
  year={1995},
  publisher={Oxford University Press on Demand}
}

@article{fridkin2004negative,
  title={Do negative messages work? The impact of negativity on citizens’ evaluations of candidates},
  author={Fridkin, Kim Leslie and Kenney, Patrick J},
  journal={American Politics Research},
  volume={32},
  number={5},
  pages={570--605},
  year={2004},
  publisher={Sage Publications Sage CA: Thousand Oaks, CA}
}

@article{fridkin2011variability,
  title={Variability in citizens’ reactions to different types of negative campaigns},
  author={Fridkin, Kim L and Kenney, Patrick},
  journal={American Journal of Political Science},
  volume={55},
  number={2},
  pages={307--325},
  year={2011},
  publisher={Wiley Online Library}
}

@article{lau1999effects,
  title={The effects of negative political advertisements: A meta-analytic assessment},
  author={Lau, Richard R and Sigelman, Lee and Heldman, Caroline and Babbitt, Paul},
  journal={American Political Science Review},
  volume={93},
  number={4},
  pages={851--875},
  year={1999},
  publisher={Cambridge University Press}
}
@article{munger2020null,
  title={The (null) effects of clickbait headlines on polarization, trust, and learning},
  author={Munger, Kevin and Luca, Mario and Nagler, Jonathan and Tucker, Joshua},
  journal={Public opinion quarterly},
  year={2020}
}
@article{ko2016obligation,
  title={The Obligation To Experiment},
  author={Ko, Allan and Mou, Merry and Matias, Nathan},
  journal={Medium},
  year={2016}
}

@inproceedings{agarwal2019protecting,
  title={Protecting world leaders against deep fakes},
  author={Agarwal, Shruti and Farid, Hany and Gu, Yuming and He, Mingming and Nagano, Koki and Li, Hao},
  booktitle={Proceedings of the IEEE Conference on Computer Vision and Pattern Recognition Workshops},
  pages={38--45},
  year={2019}
}

@book{ansolabehere1997going,
  title={Going negative: How political advertisements shrink and polarize the electorate},
  author={Ansolabehere, Stephen and Iyengar, Shanto},
  year={1997},
  publisher={The Free Press,}
}

@book{brader2006campaigning,
  title={Campaigning for hearts and minds: How emotional appeals in political ads work},
  author={Brader, Ted},
  year={2006},
  publisher={University of Chicago Press}
}

@article{fahrenthold2016trump,
  title={Trump recorded having extremely lewd conversation about women in 2005},
  author={Fahrenthold, David A},
  journal={The Washington Post},
  year={2016}
}

@article{farhi2016trump,
  title={A caller had a lewd tape of Donald Trump. Then the race to break the story was on.},
  author={Farhi, Paul},
  journal={The Washington Post},
  year={2016}
}

@article{wallace2009watchdog,
  title={Watchdog or witness? The emerging forms and practices of videojournalism},
  author={Wallace, Sue},
  journal={Journalism},
  volume={10},
  number={5},
  pages={684--701},
  year={2009},
  publisher={SAGE Publications Sage UK: London, England}
}

@article{baker2020testify,
  title={Now Testifying for the Prosecution: President Trump},
  author={Baker, Peter},
  journal={New York Times},
  year={2020}
}

@article{dietrich2017bodycam,
    title={Seeing is Believing: How video of police action affects criminal justice beliefs},
    author={Dietrych, Bryce and Testa, Paul},
    journal={Working Paper}
}

@article{npr2005bribes,
    title={Media `Stings' Create Scandal in India},
    author={Reeves, Philip},
    journal={NPR},
    url={\url{https://www.npr.org/templates/story/story.php?storyId=5050300}},
    year={2005}
}

@article{hoffman2012computational,
  title={Computational evolutionary perception},
  author={Hoffman, Donald D and Singh, Manish},
  journal={Perception},
  volume={41},
  number={9},
  pages={1073--1091},
  year={2012},
  publisher={SAGE Publications Sage UK: London, England}
}

@book{cornsweet2012visual,
  title={Visual perception},
  author={Cornsweet, Tom},
  year={2012},
  publisher={Academic press}
}

@article{marr1982vision,
  title={Vision: A computational investigation into the human representation and processing of visual information, henry holt and co},
  author={Marr, David},
  journal={Inc., New York, NY},
  volume={2},
  number={4.2},
  year={1982}
}
@article{dobber2020microtargeted,
  title={Do (Microtargeted) Deepfakes Have Real Effects on Political Attitudes?},
  author={Dobber, Tom and Metoui, Nadia and Trilling, Damian and Helberger, Natali and de Vreese, Claes},
  journal={The International Journal of Press/Politics},
  pages={1940161220944364},
  year={2020},
  publisher={SAGE Publications Sage CA: Los Angeles, CA}
}
@article{wittenberg2020minimal,
  title={The (Minimal) Persuasive Advantage of Political Video over Text},
  author={Wittenberg, Chloe and Zong, Jonathan and Rand, David and others},
  year={2020},
  publisher={PsyArXiv}
}
@misc{pennycook2019understanding,
  title={Understanding and reducing the spread of misinformation online},
  author={Pennycook, Gordon and Epstein, Ziv and Mosleh, Mohsen and Arechar, Antonio A and Eckles, Dean and Rand, David G},
  year={2019},
  publisher={PsyArXiv}
}
@article{pennycook2018prior,
  title={Prior exposure increases perceived accuracy of fake news.},
  author={Pennycook, Gordon and Cannon, Tyrone D and Rand, David G},
  journal={Journal of experimental psychology: general},
  volume={147},
  number={12},
  pages={1865},
  year={2018},
  publisher={American Psychological Association}
}

@article{kahan2012ideology,
  title={Ideology, motivated reasoning, and cognitive reflection: An experimental study},
  author={Kahan, Dan M},
  journal={Judgment and Decision making},
  volume={8},
  pages={407--24},
  year={2012}
}

@article{makhzani2015adversarial,
  title={Adversarial autoencoders},
  author={Makhzani, Alireza and Shlens, Jonathon and Jaitly, Navdeep and Goodfellow, Ian and Frey, Brendan},
  journal={arXiv preprint arXiv:1511.05644},
  year={2015}
}

@article{huber2007identifying,
  title={Identifying the persuasive effects of presidential advertising},
  author={Huber, Gregory A and Arceneaux, Kevin},
  journal={American Journal of Political Science},
  volume={51},
  number={4},
  pages={957--977},
  year={2007},
  publisher={Wiley Online Library}
}

@inproceedings{abadi2016tensorflow,
  title={Tensorflow: A system for large-scale machine learning},
  author={Abadi, Mart{\'\i}n and Barham, Paul and Chen, Jianmin and Chen, Zhifeng and Davis, Andy and Dean, Jeffrey and Devin, Matthieu and Ghemawat, Sanjay and Irving, Geoffrey and Isard, Michael and others},
  booktitle={12th $\{$USENIX$\}$ Symposium on Operating Systems Design and Implementation ($\{$OSDI$\}$ 16)},
  pages={265--283},
  year={2016}
}

@article{nyhan2010corrections,
  title={When corrections fail: The persistence of political misperceptions},
  author={Nyhan, Brendan and Reifler, Jason},
  journal={Political Behavior},
  volume={32},
  number={2},
  pages={303--330},
  year={2010},
  publisher={Springer}
}

@article{warren1964,
  title={Report of the Warren Commission On the Assassination of President Kennedy},
  publisher={United States Government Printing Office},
  year ={1964}
}

@article{mitchell2019many,
  title={Many Americans say made-up news is a critical problem that needs to be fixed},
  author={Mitchell, Amy and Gottfried, Jeffrey and Fedeli, Sophia and Stocking, Galen and Walker, Mason},
  journal={Pew Research Center. June},
  volume={5},
  pages={2019},
  year={2019}
}

@article{barro73,
  title={The control of politicians: an economic model},
  author={Barro, Robert J},
  journal={Public choice},
  pages={19--42},
  year={1973},
  publisher={JSTOR}
}

@book{besley06,
  title={Principled agents?: The political economy of good government},
  author={Besley, Timothy},
  year={2006},
  publisher={Oxford University Press on Demand}
}

@article{ferejohn86,
  title={Incumbent performance and electoral control},
  author={Ferejohn, John},
  journal={Public choice},
  pages={5--25},
  year={1986},
  publisher={JSTOR}
}

@article{fearon99,
  title={Electoral accountability and the control of politicians: selecting good types versus sanctioning poor performance},
  author={Fearon, James D},
  journal={Democracy, accountability, and representation},
  volume={55},
  pages={61},
  year={1999}
}

@article{holmstrom82,
  title={Moral hazard in teams},
  author={Holmstrom, Bengt},
  journal={The Bell Journal of Economics},
  pages={324--340},
  year={1982},
  publisher={JSTOR}
}

@misc{rogoff87,
  title={Equilibrium political budget cycles},
  author={Rogoff, Kenneth S},
  year={1987},
  publisher={National Bureau of Economic Research Cambridge, Mass., USA}
}

@article{berinsky17,
  title={Rumors and health care reform: Experiments in political misinformation},
  author={Berinsky, Adam J},
  journal={British journal of political science},
  volume={47},
  number={2},
  pages={241--262},
  year={2017},
  publisher={Cambridge University Press}
}

@article{swire17,
  title={Processing political misinformation: comprehending the Trump phenomenon},
  author={Swire, Briony and Berinsky, Adam J and Lewandowsky, Stephan and Ecker, Ullrich KH},
  journal={Royal Society open science},
  volume={4},
  number={3},
  pages={160802},
  year={2017},
  publisher={The Royal Society Publishing}
}

@article{weeks15,
  title={Emotions, partisanship, and misperceptions: How anger and anxiety moderate the effect of partisan bias on susceptibility to political misinformation},
  author={Weeks, Brian E},
  journal={Journal of communication},
  volume={65},
  number={4},
  pages={699--719},
  year={2015},
  publisher={Oxford University Press}
}


@article{pennycook2019lazy,
  title={Lazy, not biased: Susceptibility to partisan fake news is better explained by lack of reasoning than by motivated reasoning},
  author={Pennycook, Gordon and Rand, David G},
  journal={Cognition},
  volume={188},
  pages={39--50},
  year={2019},
  publisher={Elsevier}
}

@article{puglisi2011newspaper,
  title={Newspaper coverage of political scandals},
  author={Puglisi, Riccardo and Snyder Jr, James M},
  journal={The Journal of Politics},
  volume={73},
  number={3},
  pages={931--950},
  year={2011},
  publisher={Cambridge University Press New York, USA}
}

@article{thorson16,
  title={Belief echoes: The persistent effects of corrected misinformation},
  author={Thorson, Emily},
  journal={Political Communication},
  volume={33},
  number={3},
  pages={460--480},
  year={2016},
  publisher={Taylor \& Francis}
}
@article{osmundsen2020partisan,
  title={Partisan polarization is the primary psychological motivation behind “fake news” sharing on Twitter},
  author={Osmundsen, Mathias and Bor, Alexander and Vahlstrup, Peter Bjerregaard and Bechmann, Anja and Petersen, Michael Bang},
  year={2020},
  publisher={PsyArXiv}
}
@inproceedings{barbera2018explaining,
  title={Explaining the spread of misinformation on social media: Evidence from the 2016 US presidential election},
  author={Barbera, Pablo},
  booktitle={Symposium: Fake News and the PoliticsofMisinformation. APSA},
  year={2018}
}
@article{hargittai2001second,
  title={Second-level digital divide: Mapping differences in people's online skills},
  author={Hargittai, Eszter},
  journal={arXiv preprint cs/0109068},
  year={2001}
}
@article{guess2020see,
  title={To See What's in Front of One's Screen: Digital Literacy and Online Political Behavior},
  author={Guess, Andrew and Munger, Kevin},
  journal={OSF preprint},
  year={2020}
}

@article{bansak2017generalized,
  title={A Generalized Framework for the Estimation of Causal Moderation Effects with Randomized Treatments and Non-Randomized Moderators},
  author={Bansak, Kirk},
  journal={arXiv preprint arXiv:1710.02954},
  year={2017}
}

@article{glick1996ambivalent,
  title={The Ambivalent Sexism Inventory: Differentiating Hostile and Benevolent Sexism.},
  author={Glick, Peter and Fiske, Susan T},
  journal={Journal of personality and social psychology},
  volume={70},
  number={3},
  pages={491},
  year={1996},
  publisher={American Psychological Association}
}

@article{schaffner2018understanding,
  title={Understanding white polarization in the 2016 vote for president: The sobering role of racism and sexism},
  author={Schaffner, Brian F and MacWilliams, Matthew and Nteta, Tatishe},
  journal={Political Science Quarterly},
  volume={133},
  number={1},
  pages={9--34},
  year={2018},
  publisher={Wiley Online Library}
}

@article{bauer2020shifting,
  title={Shifting standards: How voters evaluate the qualifications of female and male candidates},
  author={Bauer, Nichole M},
  journal={The Journal of Politics},
  volume={82},
  number={1},
  pages={1--12},
  year={2020},
  publisher={The University of Chicago Press Chicago, IL}
}

@article{teele2017ties,
  title={The ties that double bind: social roles and women's underrepresentation in politics},
  author={Teele, Dawn and Kalla, Joshua and Rosenbluth, Frances McCall},
  journal={Available at SSRN 2971732},
  year={2017}
}

@article{iyengar2019origins,
  title={The origins and consequences of affective polarization in the United States},
  author={Iyengar, Shanto and Lelkes, Yphtach and Levendusky, Matthew and Malhotra, Neil and Westwood, Sean J},
  journal={Annual Review of Political Science},
  volume={22},
  pages={129--146},
  year={2019},
  publisher={Annual Reviews}
}

@article{abramowitz2018negative,
  title={Negative partisanship: Why Americans dislike parties but behave like rabid partisans},
  author={Abramowitz, Alan I and Webster, Steven W},
  journal={Political Psychology},
  volume={39},
  pages={119--135},
  year={2018},
  publisher={Wiley Online Library}
}

@article{bennett2008new,
  title={A new era of minimal effects? The changing foundations of political communication},
  author={Bennett, W Lance and Iyengar, Shanto},
  journal={Journal of communication},
  volume={58},
  number={4},
  pages={707--731},
  year={2008},
  publisher={Oxford University Press}
}

@article{mutz2005new,
  title={The new videomalaise: Effects of televised incivility on political trust},
  author={Mutz, Diana C and Reeves, Byron},
  journal={American Political Science Review},
  volume={99},
  number={1},
  pages={1--15},
  year={2005},
  publisher={Cambridge University Press}
}
@article{munger2019all,
  title={All the News That’s Fit to Click: The Economics of Clickbait Media},
  author={Munger, Kevin},
  journal={Political Communication},
  pages={1--22},
  year={2019},
  publisher={Taylor \& Francis}
}
@article{guess19,
  title={Less than you think: Prevalence and predictors of fake news dissemination on Facebook},
  author={Guess, Andrew and Nagler, Jonathan and Tucker, Joshua},
  journal={Science advances},
  volume={5},
  number={1},
  pages={eaau4586},
  year={2019},
  publisher={American Association for the Advancement of Science}
}

@inproceedings{barbera2018explaining,
  title={Explaining the spread of misinformation on social media: evidence from the 2016 US presidential election},
  author={Barbera, Pablo},
  booktitle={Symposium: Fake News and the PoliticsofMisinformation. APSA},
  year={2018}
}